@article{ldl,
  title={Logic of Differentiable Logics: Towards a Uniform Semantics of DL},
  author={{\'S}lusarz, Natalia and Komendantskaya, Ekaterina and Daggitt, Matthew and Stewart, Robert and Stark, Kathrin},
  journal={EPiC Series in Computing},
  volume={94},
  pages={473--493},
  year={2023},
  publisher={EasyChair}
}

@article{urban2021review,
  title={A review of formal methods applied to machine learning},
  author={Urban, Caterina and Min{\'e}, Antoine},
  journal={arXiv preprint arXiv:2104.02466},
  year={2021}
}

@INPROCEEDINGS{9842406,
  author={Krichen, Moez and Mihoub, Alaeddine and Alzahrani, Mohammed Y. and Adoni, Wilfried Yves Hamilton and Nahhal, Tarik},
  booktitle={2022 2nd International Conference of Smart Systems and Emerging Technologies (SMARTTECH)}, 
  title={Are Formal Methods Applicable To Machine Learning And Artificial Intelligence?}, 
  year={2022},
  volume={},
  number={},
  pages={48-53},
  doi={10.1109/SMARTTECH54121.2022.00025}}
  
@inproceedings{varnai2020robustness,
  title={On robustness metrics for learning STL tasks},
  author={Varnai, Peter and Dimarogonas, Dimos V},
  booktitle={2020 American Control Conference (ACC)},
  pages={5394--5399},
  year={2020},
  organization={IEEE}
}

@article{van2022analyzing,
  title={Analyzing differentiable fuzzy logic operators},
  author={van Krieken, Emile and Acar, Erman and van Harmelen, Frank},
  journal={Artificial Intelligence},
  volume={302},
  pages={103602},
  year={2022},
  publisher={Elsevier}
}

@inproceedings{fischer2019dl2,
  title={DL2: training and querying neural networks with logic},
  author={Fischer, Marc and Balunovic, Mislav and Drachsler-Cohen, Dana and Gehr, Timon and Zhang, Ce and Vechev, Martin},
  booktitle={International Conference on Machine Learning},
  pages={1931--1941},
  year={2019},
  organization={PMLR}
}

@article{washburn,
author = {Washburn, Geoffrey and Weirich, Stephanie},
year = {2003},
month = {09},
pages = {249-262},
title = {Boxes Go Bananas: Encoding Higher-Order Abstract Syntax with Parametric Polymorphism},
volume = {38},
journal = {Sigplan Notices - SIGPLAN},
doi = {10.1145/944705.944728}
}

@inproceedings{chlipala2008parametric,
  title={Parametric higher-order abstract syntax for mechanized semantics},
  author={Chlipala, Adam},
  booktitle={Proceedings of the 13th ACM SIGPLAN international conference on Functional programming},
  pages={143--156},
  year={2008}
}

@article{seshia2022toward,
  title={Toward verified artificial intelligence},
  author={Seshia, Sanjit A and Sadigh, Dorsa and Sastry, S Shankar},
  journal={Communications of the ACM},
  volume={65},
  number={7},
  pages={46--55},
  year={2022},
  publisher={ACM New York, NY, USA}
}

@inproceedings{FoMLAS2023:Vehicle_Tutorial_Neural_Network,
  author    = {Matthew Daggitt and Wen Kokke and Ekaterina Komendantskaya and Robert Atkey and Luca Arnaboldi and Natalia Slusarz and Marco Casadio and Ben Coke and Jeonghyeon Lee},
  title     = {The Vehicle Tutorial: Neural Network Verification with Vehicle},
  booktitle = {Proceedings of the 6th Workshop on Formal Methods for ML-Enabled Autonomous Systems},
  editor    = {Nina Narodytska and Guy Amir and Guy Katz and Omri Isac},
  series    = {Kalpa Publications in Computing},
  volume    = {16},
  pages     = {1--5},
  year      = {2023},
  publisher = {EasyChair},
  bibsource = {EasyChair, https://easychair.org},
  issn      = {2515-1762},
  url       = {https://easychair.org/publications/paper/Rkrv},
  doi       = {10.29007/5s2x}}
  
@InProceedings{sakaguchi:LIPIcs.ITP.2022.29,
  author =	{Sakaguchi, Kazuhiko},
  title =	{{Reflexive Tactics for Algebra, Revisited}},
  booktitle =	{13th International Conference on Interactive Theorem Proving (ITP 2022)},
  pages =	{29:1--29:22},
  series =	{Leibniz International Proceedings in Informatics (LIPIcs)},
  ISBN =	{978-3-95977-252-5},
  ISSN =	{1868-8969},
  year =	{2022},
  volume =	{237},
  editor =	{Andronick, June and de Moura, Leonardo},
  publisher =	{Schloss Dagstuhl -- Leibniz-Zentrum f{\"u}r Informatik},
  address =	{Dagstuhl, Germany},
  URL =		{https://drops.dagstuhl.de/opus/volltexte/2022/16738},
  URN =		{urn:nbn:de:0030-drops-167385},
  doi =		{10.4230/LIPIcs.ITP.2022.29},
  annote =	{Keywords: Coq, Elpi, \lambdaProlog, Mathematical Components, algebraic structures, packed classes, canonical structures, proof by reflection}
}

@book{bertot2013interactive,
  title={Interactive theorem proving and program development: Coq’Art: the calculus of inductive constructions},
  author={Bertot, Yves and Cast{\'e}ran, Pierre},
  year={2013},
  publisher={Springer Science \& Business Media}
}

@Misc{mathcomp,
author = {Mathematical Components Team},
title = { Mathematical Components library},
URL = {https://github.com/math-comp/math-comp},
year = {2007},
note = {Last stable version: 2.1 (2023)}
}

@article{easterbrook1998formal,
  title={Formal methods for verification and validation of partial specifications: A case study},
  author={Easterbrook, Steve and Callahan, John},
  journal={Journal of Systems and Software},
  volume={40},
  number={3},
  pages={199--210},
  year={1998},
  publisher={Elsevier}
}

@inproceedings{szegedy2014intriguing,
  title={Intriguing properties of neural networks},
  author={Szegedy, Christian and Zaremba, Wojciech and Sutskever, Ilya and Bruna, Joan and Erhan, Dumitru and Goodfellow, Ian and Fergus, Rob},
  booktitle={2nd International Conference on Learning Representations, ICLR 2014},
  year={2014}
}

@inproceedings{ranzato2019robustness,
  title={Robustness verification of support vector machines},
  author={Ranzato, Francesco and Zanella, Marco},
  booktitle={Static Analysis: 26th International Symposium, SAS 2019, Porto, Portugal, October 8--11, 2019, Proceedings 26},
  pages={271--295},
  year={2019},
  organization={Springer}
}

@inproceedings{einziger2019verifying,
  title={Verifying robustness of gradient boosted models},
  author={Einziger, Gil and Goldstein, Maayan and Sa’ar, Yaniv and Segall, Itai},
  booktitle={Proceedings of the AAAI Conference on Artificial Intelligence},
  volume={33},
  number={01},
  pages={2446--2453},
  year={2019}
}

@article{chevallier2022constrained,
  title={Constrained Training of Neural Networks via Theorem Proving},
  author={Chevallier, Mark and Whyte, Matthew and Fleuriot, Jacques D},
  journal={arXiv preprint arXiv:2207.03880},
  year={2022}
}

@misc{cintula2011handbook,
	title={Handbook of Mathematical Fuzzy Logic (in 2 volumes), volume 37, 38 of Studies in Logic, Mathematical Logic and Foundations},
	author={Cintula, Petr and H{\'a}jek, Petr and Noguera, Carles},
	year={2011},
	publisher={College Publications, London}
}

@article{klement2004triangular,
	title={Triangular norms. Position paper II: general constructions and parameterized families},
	author={Klement, Erich Peter and Mesiar, Radko and Pap, Endre},
	journal={Fuzzy sets and Systems},
	volume={145},
	number={3},
	pages={411--438},
	year={2004},
	publisher={Elsevier}
}

@article{coq1996coq,
  title={The Coq Proof Assistant-Reference Manual},
  author={Coq, Projet},
  journal={INRIA Rocquencourt and ENS Lyon, version},
  volume={5},
  year={1996}
}

@inproceedings{affeldt2020competing,
  title={Competing inheritance paths in dependent type theory: a case study in functional analysis},
  author={Affeldt, Reynald and Cohen, Cyril and Kerjean, Marie and Mahboubi, Assia and Rouhling, Damien and Sakaguchi, Kazuhiko},
  booktitle={Automated Reasoning: 10th International Joint Conference, IJCAR 2020, Paris, France, July 1--4, 2020, Proceedings, Part II 10},
  pages={3--20},
  year={2020},
  organization={Springer}
}

@article{affeldt2018formalization,
  title={Formalization techniques for asymptotic reasoning in classical analysis},
  author={Affeldt, Reynald and Cohen, Cyril and Rouhling, Damien},
  journal={Journal of Formalized Reasoning},
  year={2018}
}

@inproceedings{daukantas2021trimming,
  title={Trimming Data Sets: a Verified Algorithm for Robust Mean Estimation},
  author={Daukantas, Ieva and Bruni, Alessandro and Sch{\"u}rmann, Carsten},
  booktitle={23rd International Symposium on Principles and Practice of Declarative Programming},
  pages={1--9},
  year={2021}
}

@inproceedings{xie2023haskell,
  title={Haskell for Choice-Based Learning (Keynote)},
  author={Xie, Ningning},
  booktitle={Proceedings of the 16th ACM SIGPLAN International Haskell Symposium},
  pages={1--1},
  year={2023}
}

@article{gonthier2010introduction,
  title={An introduction to small scale reflection in Coq},
  author={Gonthier, Georges and Mahboubi, Assia},
  journal={Journal of formalized reasoning},
  volume={3},
  number={2},
  pages={95--152},
  year={2010}
}

@inproceedings{katz2019marabou,
	title={The marabou framework for verification and analysis of deep neural networks},
	author={Katz, Guy and Huang, Derek A and Ibeling, Duligur and Julian, Kyle and Lazarus, Christopher and Lim, Rachel and Shah, Parth and Thakoor, Shantanu and Wu, Haoze and Zelji{\'c}, Aleksandar and others},
	booktitle={Computer Aided Verification: 31st International Conference, CAV 2019, New York City, NY, USA, July 15-18, 2019, Proceedings, Part I 31},
	pages={443--452},
	year={2019},
	organization={Springer}
}